@article{nadini2021mapping,
  title={Mapping the NFT revolution: market trends, trade networks, and visual features},
  author={Nadini, Matthieu and Alessandretti, Laura and Di Giacinto, Flavio and Martino, Mauro and Aiello, Luca Maria and Baronchelli, Andrea},
  journal={Scientific reports},
  volume={11},
  number={1},
  pages={20902},
  year={2021},
  publisher={Nature Publishing Group UK London}
}

@article{ante2022non,
  title={The non-fungible token (NFT) market and its relationship with Bitcoin and Ethereum},
  author={Ante, Lennart},
  journal={FinTech},
  volume={1},
  number={3},
  pages={216--224},
  year={2022},
  publisher={MDPI}
}

@article{dowling2022non,
  title={Is non-fungible token pricing driven by cryptocurrencies?},
  author={Dowling, Michael},
  journal={Finance Research Letters},
  volume={44},
  pages={102097},
  year={2022},
  publisher={Elsevier}
}

@article{kong2021alternative,
  title={Alternative investments in the Fintech era: The risk and return of Non-Fungible Token (NFT)},
  author={Kong, De-Rong and Lin, Tse-Chun},
  journal={Available at SSRN 3914085},
  year={2021}
}

@article{mekacher2022heterogeneous,
  title={Heterogeneous rarity patterns drive price dynamics in NFT collections},
  author={Mekacher, Amin and Bracci, Alberto and Nadini, Matthieu and Martino, Mauro and Alessandretti, Laura and Aiello, Luca Maria and Baronchelli, Andrea},
  journal={Scientific reports},
  volume={12},
  number={1},
  pages={13890},
  year={2022},
  publisher={Nature Publishing Group UK London}
}

@inproceedings{branny2022non,
  title={Non-fungible Token Price Prediction with Multivariate LSTM Neural Networks},
  author={Branny, Jerome and Dornberger, Rolf and Hanne, Thomas},
  booktitle={2022 9th International Conference on Soft Computing \& Machine Intelligence (ISCMI)},
  pages={56--61},
  year={2022},
  organization={IEEE}
}

@article{henriques2023forecasting,
  title={Forecasting NFT coin prices using machine learning: Insights into feature significance and portfolio strategies},
  author={Henriques, Irene and Sadorsky, Perry},
  journal={Global Finance Journal},
  pages={100904},
  year={2023},
  publisher={Elsevier}
}

@article{alessandretti2018anticipating,
  title={Anticipating cryptocurrency prices using machine learning},
  author={Alessandretti, Laura and ElBahrawy, Abeer and Aiello, Luca Maria and Baronchelli, Andrea},
  journal={Complexity},
  volume={2018},
  pages={1--16},
  year={2018},
  publisher={Hindawi Limited}
}

@inproceedings{kapoor2022tweetboost,
  title={Tweetboost: Influence of social media on nft valuation},
  author={Kapoor, Arnav and Guhathakurta, Dipanwita and Mathur, Mehul and Yadav, Rupanshu and Gupta, Manish and Kumaraguru, Ponnurangam},
  booktitle={Companion Proceedings of the Web Conference 2022},
  pages={621--629},
  year={2022}
}

@article{horky2022price,
  title={Price determinants of non-fungible tokens in the digital art market},
  author={Horky, Florian and Rachel, Carolina and Fidrmuc, Jarko},
  journal={Finance Research Letters},
  volume={48},
  pages={103007},
  year={2022},
  publisher={Elsevier}
}

@article{mekacher2022rarity,
  title={How rarity shapes the NFT market},
  author={Mekacher, Amin and Bracci, Alberto and Nadini, Matthieu and Martino, Mauro and Alessandretti, Laura and Aiello, Luca Maria and Baronchelli, Andrea},
  journal={arXiv preprint arXiv:2204.10243},
  pages={9},
  year={2022}
}

@article{jain2022nft,
  title={NFT Appraisal Prediction: Utilizing Search Trends, Public Market Data, Linear Regression and Recurrent Neural Networks},
  author={Jain, Shrey and Bruckmann, Camille and McDougall, Chase},
  journal={arXiv preprint arXiv:2204.12932},
  year={2022}
}

@inproceedings{kaneko2021time,
  title={A time-series analysis of how google trends searches affect cryptocurrency prices for decentralized finance and non-fungible tokens},
  author={Kaneko, Yuta},
  booktitle={2021 International Conference on Data Mining Workshops (ICDMW)},
  pages={222--227},
  year={2021},
  organization={IEEE}
}

@inproceedings{costa2023show,
  title={Show me your NFT and I tell you how it will perform: Multimodal representation learning for NFT selling price prediction},
  author={Costa, Davide and La Cava, Lucio and Tagarelli, Andrea},
  booktitle={Proceedings of the ACM Web Conference 2023},
  pages={1875--1885},
  year={2023}
}

@article{oh2022investor,
  title={Investor experience matters: Evidence from generative art collections on the blockchain},
  author={Oh, Sebeom and Rosen, Samuel and Zhang, Anthony Lee},
  journal={Available at SSRN 4042901},
  year={2022}
}

@article{loi2023cultural,
  title={Cultural Price Premium: Evidence from CryptoPunks},
  author={Loi, Fai Lim and Tang, Ke and You, Yang},
  journal={Available at SSRN 4202168},
  year={2023}
}

@inproceedings{seyhan2023nft,
  title={NFT Primary Sale Price and Secondary Sale Prediction via Deep Learning},
  author={Seyhan, Betul and Sefer, Emre},
  booktitle={4th ACM International Conference on AI in Finance},
  pages={116--123},
  year={2023}
}

@inproceedings{liu2021zkcnn,
  title={ZkCNN: Zero knowledge proofs for convolutional neural network predictions and accuracy},
  author={Liu, Tianyi and Xie, Xiang and Zhang, Yupeng},
  booktitle={Proceedings of the 2021 ACM SIGSAC Conference on Computer and Communications Security},
  pages={2968--2985},
  year={2021}
}

@inproceedings{zhang2020zero,
  title={Zero knowledge proofs for decision tree predictions and accuracy},
  author={Zhang, Jiaheng and Fang, Zhiyong and Zhang, Yupeng and Song, Dawn},
  booktitle={Proceedings of the 2020 ACM SIGSAC Conference on Computer and Communications Security},
  pages={2039--2053},
  year={2020}
}